<record><leader>00000cas a2200000 a 4500</leader><controlfield tag="001">11666506</controlfield><controlfield tag="008">850207d19191924ksuwr ne      0   a0eng d</controlfield><datafield ind1=" " ind2=" " tag="010"><subfield code="a">sn 85030893 </subfield></datafield><datafield ind1=" " ind2=" " tag="040"><subfield code="a">KSH</subfield><subfield code="b">eng</subfield><subfield code="c">KSH</subfield><subfield code="d">NPT</subfield><subfield code="d">OCL</subfield><subfield code="d">OCLCQ</subfield></datafield><datafield ind1=" " ind2=" " tag="042"><subfield code="a">msc</subfield></datafield><datafield ind1="0" ind2=" " tag="130"><subfield code="a">Kiowa County signal (Greensburg, Kan. : 1919)</subfield></datafield><datafield ind1="1" ind2="4" tag="245"><subfield code="a">The Kiowa County signal.</subfield></datafield><datafield ind1=" " ind2=" " tag="260"><subfield code="a">Greensburg, Kan. :</subfield><subfield code="b">Greensburg Pub. Co.,</subfield><subfield code="c">1919-1924.</subfield></datafield><datafield ind1=" " ind2=" " tag="300"><subfield code="a">4 v. :</subfield><subfield code="b">ill. ;</subfield><subfield code="c">55 cm.</subfield></datafield><datafield ind1=" " ind2=" " tag="310"><subfield code="a">Weekly</subfield></datafield><datafield ind1="0" ind2=" " tag="362"><subfield code="a">Vol. 33, no. 7 (Mar. 20, 1919)-v. 37, no. 25 (June 19, 1924).</subfield></datafield><datafield ind1=" " ind2=" " tag="500"><subfield code="a">Published by: Geo. N. Harvey, Feb. 3, 1921-Feb. 8, 1923; Signal Pub. Co., Dec. 27, 1923-June 19, 1924.</subfield></datafield><datafield ind1=" " ind2=" " tag="752"><subfield code="a">United States</subfield><subfield code="b">Kansas</subfield><subfield code="c">Kiowa</subfield><subfield code="d">Greensburg.</subfield></datafield><datafield ind1="0" ind2="0" tag="780"><subfield code="t">Kiowa County signal and Greensburg republican</subfield><subfield code="w">(DLC)sn 85030892</subfield></datafield><datafield ind1="0" ind2="5" tag="780"><subfield code="t">Haviland onlooker</subfield><subfield code="g">1919</subfield><subfield code="w">(DLC)sn 85030901</subfield></datafield><datafield ind1="0" ind2="7" tag="785"><subfield code="t">Greensburg progressive</subfield><subfield code="w">(DLC)sn 85030888</subfield></datafield><datafield ind1="0" ind2="7" tag="785"><subfield code="t">Progressive-signal</subfield><subfield code="w">(DLC)sn 85030894</subfield></datafield></record>